<?xml version="1.0" encoding="UTF-8"?><record xmlns="http://www.loc.gov/MARC21/slim" xmlns:cinclude="http://apache.org/cocoon/include/1.0" xmlns:zs="http://www.loc.gov/zing/srw/">
  <leader>01148cz  a2200193n  4500</leader>
  <controlfield tag="001">no2010138682</controlfield>
  <controlfield tag="003">DLC</controlfield>
  <controlfield tag="005">20150225073845.0</controlfield>
  <controlfield tag="008">100825n| azannaabn          |a ana     c</controlfield>
  <datafield tag="010" ind1=" " ind2=" ">
    <subfield code="a">no2010138682</subfield>
  </datafield>
  <datafield tag="035" ind1=" " ind2=" ">
    <subfield code="a">(OCoLC)oca08604059</subfield>
  </datafield>
  <datafield tag="040" ind1=" " ind2=" ">
    <subfield code="a">WaU</subfield>
    <subfield code="b">eng</subfield>
    <subfield code="e">rda</subfield>
    <subfield code="c">WaU</subfield>
    <subfield code="d">DLC</subfield>
    <subfield code="d">DLC-S</subfield>
  </datafield>
  <datafield tag="046" ind1=" " ind2=" ">
    <subfield code="s">20091215</subfield>
    <subfield code="t">20091216</subfield>
  </datafield>
  <datafield tag="111" ind1="2" ind2=" ">
    <subfield code="a">International Conference on the Current Trends in Information Technology</subfield>
    <subfield code="d">(2009 :</subfield>
    <subfield code="c">Dubai Women's College)</subfield>
  </datafield>
  <datafield tag="368" ind1=" " ind2=" ">
    <subfield code="a">Congresses and conventions</subfield>
    <subfield code="2">lcsh</subfield>
  </datafield>
  <datafield tag="411" ind1="2" ind2=" ">
    <subfield code="a">CTIT (Conference)</subfield>
    <subfield code="d">(2009 :</subfield>
    <subfield code="c">Dubai Women's College)</subfield>
  </datafield>
  <datafield tag="411" ind1="2" ind2=" ">
    <subfield code="a">International Conference on Current Trends in Information Technology</subfield>
    <subfield code="d">(2009 :</subfield>
    <subfield code="c">Dubai Women's College)</subfield>
  </datafield>
  <datafield tag="411" ind1="2" ind2=" ">
    <subfield code="a">Conference on the Current Trends in Information Technology, International</subfield>
  </datafield>
  <datafield tag="670" ind1=" " ind2=" ">
    <subfield code="a">The 2009 International Conference on the Current Trends in Information Technology, c2009, via WWW, Aug. 25, 2010:</subfield>
    <subfield code="b">PDF title page (The 2009 International Conference on the Current Trends in Information Technology; date, 15-16 December, 2009, venue, Dubai Women's College, Dubai, UAE) organizer messages (2009 International Conference on Current Trends in Information Technology (CTIT 2009))</subfield>
  </datafield>
</record>